
@article{Karger97,
  title={Scheduling Algorithms},
  author={David Karger and Cliff Stein and Joel Wein},
  Journal={Algorithms and Theory of Computation Handbook},
  volume={1},
  number={1},
  pages={1-52},
  year={1997},
  publisher={mit.edu}
}

